
@misc{ALFRESCO,
subtitle={Open Source Enterprise Content Management System (CMS)},
title={Alfresco\’a},
url={http://www.alfresco.com/},
urlaccessdate={07 jan. 2013}}

@misc{BPMN,
title={BUSINESS PROCESS MANAGEMENT INITIATIVE},
subtitle={Business Process Model and Notation (BPMN)},
url={http://www.bpmi.org/},
urlaccessdate={07 jan. 2013},
}

@misc{BONITASOFT,
title={Bonitasoft Open Source Workflow and BPM Software},
url={http://www.bonitasoft.com},
}

@BOOK{laudon:2011,
author =   {Kenneth C. Laudon and Jane P. Laudon}
title =   {Management Information Systems},
publisher =   {Prentice-Hall},
year =      {2011},
edition =   {9th},
}

@manual{ASTM:D4052,
address={United States of America},
month={apr.},
organization={American Society for Testing and Materials},
org-short={ASTM D 4052},
pages={4},
subtitle={Standard Test Method for Density and Relative Density of Liquids by Digital Density Meter},
title={{ASTM} D 4052–96},
year={1996}
}

@misc{JASPERSOFT,
subtitle={JasperReports},
title={JASPERSOFT\’a},
url={http://community.jaspersoft.com/},
urlaccessdate={07 jan. 2013}}

@BOOK{weske,
author =   {Mathias Weske},
title =   {Business Process Management: Concepts, Languages, Architectures},
publisher =   {Springer},
year =      {2012},
edition =   {2nd},
}

@BOOK{ABPMP,
author = {ASSOCIATION OF BUSINESS PROCESS MANAGEMENT PROFESSIONALS},
title = {Guide to the Business Process Management Body of Knowledge (BPM CBOK®). },
year = {2012},
edition = {2nd},
}
